@incollection{lahnFiguren2016,
  author = {Silke Lahn and Jan Christoph Meister},
  title = {Figuren},
  booktitle = {Einführung in die Erzähltextanalyse},
  editor = {Matthias Aumüller and Benjamin Biebuyck and Anja Burghardt and Jens Eder and Per Krogh Hansen and Peter Hühn and Markus Kuhn and Felix Sprang and Andreas Veits},
  edition = {3., aktualisierte und erweiterte Auflage},
  pages = {234--249},
  publisher = {J.B. Metzler},
  address = {Stuttgart},
  year = {2016},
  isbn = {978-3-476-02598-2},
  language = {ger},
  note = {OCLC: 949785065}
}

@book{adlerDigitalePhilologieDarmstadter2020,
  author = {Marc Adler and Sabine Bartsch and Maria Becker and Michael Bender and Luise Borek and Cindy Brinkmann and Friedrich Michael Dimpel and Rotraut Fischer and Anastasia Glawion and Svenja A. Gülden and Canan Hastik and Philipp Hegel and Katharina Herget and Franziska Horn and Celia Krause and Marcus Müller and Alexandra Núnez and Andrea Rapp and Lisa Scharrer and Oliver Schmid and Jörn Stegmeier and Beate Thull and Thomas Weitin and Evelyn Gius},
  title = {Digitale Philologie: Das Darmstädter Modell},
  shorttitle = {Digitale Philologie},
  year = {2020},
  doi = {10.25534/TUPRINTS-00012476},
  publisher = {UNSPECIFIED},
  url = {https://tuprints.ulb.tu-darmstadt.de/id/eprint/12476},
  note = {Creative Commons Attribution 4.0 International}
}

@misc{fortextTutorialCATMAAnnotieren2020,
  author = {{forTEXT}},
  title = {Tutorial: In CATMA 6 annotieren},
  year = {2020},
  doi = {10.5281/zenodo.10353910},
  url = {https://doi.org/10.5281/zenodo.10353910},
  note = {youtube-link: https://www.youtube.com/watch?v=UEIcUvoLfJ0},
  howpublished = {Manuelle Annotation und Literaturanalyse}
}

@article{horstmannLerneinheitManuelleAnnotation2019,
  author = {Jan Horstmann},
  title = {Lerneinheit: Manuelle Annotation mit CATMA},
  journal = {forTEXT Heft},
  volume = {1},
  number = {4},
  year = {2019},
  doi = {10.48694/fortext.3750},
  url = {https://fortext.net/routinen/lerneinheiten/manuelle-annotation-mit-catma},
  note = {Original date: 2019-11-04}
}

@article{schumacherToolbeitragCATMA2019,
  author = {Mareike Schumacher},
  title = {Toolbeitrag: CATMA},
  journal = {forTEXT Heft},
  volume = {1},
  number = {4},
  year = {2019},
  doi = {10.48694/fortext.3761},
  url = {https://fortext.net/tools/tools/catma},
  note = {Original date: 2019-04-15}
}
